@misc{intel-multithreading,
	title="What is Hyper-Threading?",
	howpublished="--- [Электронный ресурс] Режим доступа: \url{https://www.intel.com/content/www/us/en/gaming/resources/hyper-threading.html#:~:text=Intel%C2%AE%20Hyper-Threading%20Technology%20is%20a%20hardware%20innovation%20that,execution%20contexts%20per%20physical%20core} (дата обращения: 23.02.2022)."
}

@misc{thread,
	title="Процессы в Windows",
	howpublished="--- [Электронный ресурс] Режим доступа: \url{http://techn.sstu.ru/kafedri/%D0%BF%D0%BE%D0%B4%D1%80%D0%B0%D0%B7%D0%B4%D0%B5%D0%BB%D0%B5%D0%BD%D0%B8%D1%8F/1/MetMat/murashev/com/lec/cl14.htm} (дата обращения: 05.12.2022)."
}

@article{sorts,
	author="Прохоренко В.В., Погорелов Д.А., Кострицкий А.С.",
	title="Сравнительный анализ времени выполнения сортировки по алгоритму Шелла, гномьей сортировки и сортировки перемешиванием",
	journal="Инновационные аспекты развития науки и техники",
	year=2021,
	language="russian",
}